 @inproceedings{S1,
          volume = {3986},
          author = {W. {Pieters},
          series = {Lecture Notes in Computer Science},
       booktitle = {K. St\olen et al.(eds) iTrust 2006},
           title = {Acceptance of voting technology: between confidence and trust},
       publisher = {Springer},
           pages = {283--297},
            year = {2006}}

@TECHREPORT{S2,
  author = {Donald F. Norris, Andrew S.,Charles N.},
  title = {{A Study of Vote Verification Technologies Part I: Technical Study}},
  institution = {National Center for the Study of Elections of the Maryland Institute for Policy Analysis \& Research},
  year = {2006}}
 
@inproceedings{S3,
 author = {Sherman, Alan T. and Gangopadhyay, Aryya and Holden, Stephen H. and Karabatis, George and Koru, A. Gunes and Law, Chris M. and Norris, Donald F. and Pinkston, John and Sears, Andrew and Zhang, Dongsong},
 title = {{An Examination of Vote Verification Technologies: Findings and Experiences from the Maryland Study}},
 booktitle = {EVT},
 year = {2006}} 

@INPROCEEDINGS{S4, 
     author = {Neumann, Peter G.}, 
     title = {Security Criteria for Electronic Voting}, 
     booktitle = {Proc. 16th National Computer Security Conference}, 
     year = {1993}, 
     address = {Baltimore, Maryland}, 
     month = {Sep}, 
     publisher = {NIST/NCSC}}

@inproceedings{S5,
  author = {Lucie Langer and Axel Schmidt and Melanie Volkamer and Johannes Buchmann},
  booktitle = {GI Jahrestagung},
  crossref = {conf/gi/2009},
  pages = {1837-1846},
  publisher = {GI},
  title = {Classifying Privacy and Verifiability Requirements for Electronic Voting.},
  volume = {154},
  year = {2009}}

@phdthesis{S6,
	Author = { Martin Hirt},
	Date-Added = {2010-01-15 13:15:17 +0100},
	Date-Modified = {2010-01-15 13:17:49 +0100},
	School = {ETH Zurich},
	Title = {{{Multi-Party Computation: Efficient Protocols, General Adversaries, and Voting}}},
	Year = {2001}}

 @inproceedings{S7,
  author = {Warren D. Smith},
  publisher = {Frontiers of Electronic Elections},
 title = {New cryptographic election protocol with best-known theoretical properties},
 year = {2005}}

 @INPROCEEDINGS{S8,
  author = {R.~K{\"u}sters and T.~Truderung and A.~Vogt},
  title = {{Verifiability, Privacy, and Coercion-Resistance: New Insights from a Case Study}},
  booktitle = {IEEE Symposium on Security and Privacy (S{\&}P 2011)},
  year = 2011,
  publisher = {IEEE Computer Society},
  pages = {538--553},
}

@inproceedings{S9,
 author = {Benaloh, Josh and Tuinstra, Dwight},
 title = {Receipt-free secret-ballot elections (extended abstract)},
 booktitle = {Proceedings of the twenty-sixth annual ACM symposium on Theory of computing},
 year = {1994},
 isbn = {0-89791-663-8},
 location = {Montreal, Quebec, Canada},
 pages = {544--553},
 publisher = {ACM},
 } 

@inproceedings{S10,
 author = {Kremer, Steve and Ryan, Mark and Smyth, Ben},
 title = {Election verifiability in electronic voting protocols},
 booktitle = {Proceedings of the 15th European conference on Research in computer security},
 series = {ESORICS'10},
 year = {2010},
 isbn = {3-642-15496-4, 978-3-642-15496-6},
 location = {Athens, Greece},
 pages = {389--404},
 numpages = {16},
 publisher = {Springer-Verlag},
} 

@article{Ansari:2008,
 author = {Ansari, Nirwan and Sakarindr, Pitipatana and Haghani, Ehsan and Zhang, Chao and Jain, Aridaman K. and Shi, Yun Q.},
 title = {Evaluating Electronic Voting Systems Equipped with Voter-Verified Paper Records},
 journal = {IEEE Security and Privacy},
 volume = {6},
 issue = {3},
 month = {May},
 year = {2008},
 pages = {30--39},
 publisher = {IEEE Educational Activities Department},
} 

@techreport{RepMonroe:2009,
 title = {Voting Systems Advisory Council: Initial Report to Monroe County Commissioners},
 institution={Voting Systems Advisory Council},
 year = {2009},
 publisher = {published by Monroe County Indiana official website},
 url={http://www.co.monroe.in.us/tsd/Government/Commissioners/VotingSystemsAdvisoryCouncil.aspx},
} 
