% This file was created with JabRef 2.6.
% Encoding: Cp1252

@inproceedings{so65114,
       booktitle = {Workshop on Electronic Voting and e-Government in the UK},
           title = {What proof do we prefer? Variants of verifiability in voting},
          author = {W. {Pieters}},
         address = {Edinburgh},
       publisher = {e-Science Institute},
            year = {2006},
           pages = {33--39},
             url = {http://doc.utwente.nl/65114/}}
           
@INPROCEEDINGS{KuestersTruderungVogt-SP-2011,
  author = {R.~K{\"u}sters and T.~Truderung and A.~Vogt},
  title = {{Verifiability, Privacy, and Coercion-Resistance: New Insights from a Case Study}},
  booktitle = {IEEE Symposium on Security and Privacy (S{\&}P 2011)},
  year = 2011,
  publisher = {IEEE Computer Society},
  pages = {538--553}
}

  
@inproceedings{S41,
author = {Lucie Langer  and Hugo Jonker and Wolter Pieters},
 title = {{Anonymity and Verifiability in Voting: Understanding (un)linkability}},
 booktitle = {ICICS'10},
 year = {2010},
 pages = {296--310},
 series = {Lecture Notes in Computer Science},
 publisher = {Springer-Verlag}}
 
 @inproceedings{S40,
 author    = {Wolter Pieters},
  title     = {Acceptance of Voting Technology: Between Confidence and
               Trust},
  booktitle = {iTrust},
  year      = {2006},
  pages     = {283-297},
   publisher = {Springer},
  series    = {Lecture Notes in Computer Science}}
               
@article{Ryan20081646,
title = {{Pr\'{e}t \'{a} Voter with Paillier encryption}},
journal = {{Mathematical and Computer Modelling}},
volume = {48},
number = {9-10},
pages = {1646 - 1662},
year = "2008",
note = {{Mathematical Modeling of Voting Systems and Elections: Theory and Applications}},
author = {Peter Ryan}}

@inproceedings{BalzarottiBCFKRVV08,
  author    = {Davide Balzarotti and
               Greg Banks and
               Marco Cova and
               Viktoria Felmetsger and
               Richard A. Kemmerer and
               William K. Robertson and
               Fredrik Valeur and
               Giovanni Vigna},
  title     = {Are your votes {\it Really} counted?: testing the security
               of real-world electronic voting systems},
  booktitle = {ISSTA},
  year      = {2008},
  pages     = {237-248}}


@misc{McDaniel:2007rm,
	Author = {Patrick McDaniel and Kevin Butler and William Enck and Harri Hursti and 
	Steve McLaughlin and Patrick Traynor and Matt Blaze and 
	Adam Aviv and  Pavol Cerny and Sandy Clark and Giovanni Vigna and 
	Richard Kemmerer and Davide Balzarotti and Greg Banks and Marco Cova and Viktoria Felmetsger and William Robertson and Fredrik Valeur and Joseph Lorenzo Hall and Laura Quilter},
	Howpublished = {{Ohio Secretary of State's EVEREST Project Report}},
	Keywords = {e-voting},
	Month = {December},
	Title = {{{EVEREST: Evaluation and Validation of Election-Related Equipment, Standards and Testing}}},
	Year = {2007}}
	

@misc{evt-report,
 author = {EVT},
 title = {{Transparent Open Secure e-Voting Ð Exploring the Paradox}},
 year = {2007},
 note ={\url{http://xml.coverpages.org/Webber-OpenSecure-eVoting-EVT07.pdf}}
 } 

@misc{RonNIST,
 author = {Ron Rivest},
 title = {{End-To-End Voting Systems Workshop}},
 year = {2009},
 howpublished ={http://csrc.nist.gov/groups/ST/e2evoting/documents/Rivest-NIST-E2E-keynote.pdf}
 } 


@inproceedings{S3,
 author = {Sherman, Alan T. and Gangopadhyay, Aryya and Holden, Stephen H. and Karabatis, George and Koru, A. Gunes and Law, Chris M. and Norris, Donald F. and Pinkston, John and Sears, Andrew and Zhang, Dongsong},
 title = {{An Examination of Vote Verification Technologies: Findings and Experiences from the Maryland Study}},
 booktitle = {EVT},
 year = {2006}} 

@article{S5,
 author = {David Chaum},
 title = {{Secret-Ballot Receipts: True Voter-Verifiable Elections}},
 journal = {IEEE Security and Privacy},
 volume = {2},
 issue = {1},
 year = {2004},
 pages = {38--47}} 


@phdthesis{Naveen07phdthesis,
	Author = {Naveen K. Sastry},
	Month = {May},
	Number = {UCB/EECS-2007-61},
	School = {EECS Department, University of California, Berkeley},
	Title = {{Verifying Security Properties in Electronic Voting Machines}},
	Url = {http://www.eecs.berkeley.edu/Pubs/TechRpts/2007/EECS-2007-61.html},
	Year = {2007},
	Bdsk-Url-1 = {http://www.eecs.berkeley.edu/Pubs/TechRpts/2007/EECS-2007-61.html}}


@article{S16,
 author = {Chaum, David L.},
 title = {{Untraceable Electronic Mail, Return Addresses, and Digital Pseudonyms}},
 journal = {Commun. ACM},
 volume = {24},
 issue = {2},
 year = {1981},
 pages = {84--90},
 numpages = {7}}

@article{adolfo2009,
	Author = {Adolfo Villafiorita and Komminist Weldemariam and Roberto Tiella},
	Journal = {IEEE Transactions on Information Forensics and Security},
	Number = {4},
	Title = {{Development, Formal Verification, and Evaluation of an E-Voting System With VVPAT}},
	Volume = {4},
	Year = {2009},
	Bdsk-Url-1 = {http://dx.doi.org/10.1109/TIFS.2009.2034903}}

@INBOOK{S10,
  chapter = {{In Search of the Perfect Voting Technology: No easy Answer}},
  pages = {17 - 30},
  title = {Secure Electronic Voting},
  publisher = {Springer},
  year = {2003},
  editor = {Dimitris Gritzalis},
  author = {Lorrie Faith Carnor}
}

@article{ScantegrityII,
	Author = {Chaum, D. and Carback, R.T. and Clark, J. and Essex, A. and Popoveniuc, S. and Rivest, R.L. and Ryan, P. and Shen, E. and Sherman, A.T. and Vora, P.L},
	Date-Modified = {2010-01-18 00:02:26 +0100},
	Journal = {IEEE Transactions on Information Forensics and Security},
	Number = {4},
	Pages = {611-627},
	Title = {{Scantegrity II: End-to-End Verifiability by Voters of Optical Scan Elections Through Confirmation Codes}},
	Volume = {4},
	Year = {2009}}

@inproceedings{xia08,
	Author = {Xia, Zhe and Schneider, Steve A. and Heather, James and Traor\'{e}, Jacques},
	Booktitle = {EVT},
	Date-Modified = {2010-03-30 17:06:57 +0200},
	Title = {{Analysis, Improvement and Simplification of Pr\^{e}t \`{a} voter with Paillier Encryption}},
	Year = {2008}}
	
@ARTICLE{S6,
 Author = {David Chaum and Aleksander Essex and Richard Carback and Jeremy Clark and Stefan Popoveniuc and Alan T. Sherman and Poorvi L. Vora},
	Date-Added = {2010-01-18 00:00:14 +0100},
	Date-Modified = {2010-01-18 00:01:03 +0100},
	Journal = {{IEEE S{\&}P}},
	Number = {3},
	Pages = {{40-46}},
	Title = {{Scantegrity: End-to-End Voter-Verifiable Optical-Scan Voting}},
	Volume = {6},
	Year = {2008}}

@TECHREPORT{S1,
  author = {Donald F. Norris, Andrew S.,Charles N.},
  title = {{A Study of Vote Verification Technologies Part I: Technical Study}},
  institution = {National Center for the Study of Elections of the Maryland Institute
	for Policy Analysis \& Research},
  year = {2006}
}

@CONFERENCE{S8,
  author = {Justo C., Emilia P.},
  title = {{Use of the New Smart Identity Card to Reinforce Electronic Voting}},
  booktitle = {4th International Conference for Internet Technology and Secured
	Transactions (ICITST), UK},
  year = {2009},
  pages = {367-372}
}

@article{S2,
  author = {Komminist Weldemariam, Richard A. Kemmerer, Adolfo Villafiorita},
  title = {{Formal Analysis of an Electronic Voting System: An experience Report}},
  booktitle = {Journal of Systems and Software (JSS)},
  year = {2011}
}

@CONFERENCE{S4,
  author = {Majid Javid Moayed, Abdul Azim Abdul Ghani, Ramlan Mahmod},
  title = {{Survey of the Current Voter Verification Algorithms}},
  booktitle = {International Conference on Computer and Communication Engineering,
	Malaysia},
  year = {2008},
  pages = {419-422}
}

@phdthesis{S12,
	Author = {Rebecca T. Mercuri},
	Date-Added = {2010-01-15 13:15:17 +0100},
	Date-Modified = {2010-01-15 13:17:49 +0100},
	School = {University of Pennsylvania},
	Title = {{{Electronic Vote Tabulation Checks and Balances}}},
	Year = {2001}}
	

@UNPUBLISHED{S13,
  author = {Neff, Andrew C.},
  title = {{Practical High Certainty Intent Verification for Encrypted Votes}},
  note = {Technical document 24 pages},
  year = {2004}
}

@article{Yasinsac:2008,
 author = {Yasinsac, Alec and Bishop, Matt},
 title = {{The Dynamics of Counting and Recounting Votes}},
 journal = {IEEE Security and Privacy},
 volume = {6},
 issue = {3},
 year = {2008},
 pages = {22--29},
 numpages = {8}} 


@inproceedings{Kiniry:2007,
 author = {Kiniry, Joeseph},
 title = {{Formally Counting Electronic Votes (But Still Only Trusting Paper)}},
 booktitle = {Proceedings of the 12th IEEE International Conference on Engineering Complex Computer Systems},
 year = {2007},
 isbn = {0-7695-2895-3},
 pages = {261--269},
 numpages = {9},
 publisher = {IEEE Computer Society},
 address = {Washington, DC, USA}
} 

@article{S14,
 author = {Peter Y. A.  Ryan and  David Bismark and  James Heather and Schneider Steve and Zhe Xia},
 title = {{Pr\`{e}t \`{a} Voter Voter-verifiable Voting System}},
 journal = {Trans. Info. For. Sec.},
 volume = {4},
 issue = {4},
 month = {December},
 year = {2009},
 issn = {1556-6013},
 pages = {662--673},
 numpages = {12},
 publisher = {IEEE Press},
 address = {Piscataway, NJ, USA}} 


@ARTICLE{S7,
  author = {Sebastien C., Herve S.},
  title = {{How to fit Cryptographic E-voting into Smart Cards}},
  journal = {Fundamenta Informaticae XXI, IOS Press},
  year = {2001},
  pages = {1001-1012}
}

@UNPUBLISHED{S11,
  author = {Ted Selker and Sharon Cohen},
  title = {{An Active Approach to Voting Verification}},
  note = {CALTECH/MIT Voting Technology Project Paper, No.18},
  year = {2005}
}

@inbook{S9,
	Author = {Douglas W. Jones},
	Chapter = {1},
	Date-Added = {2009-01-06 17:38:06 +0100},
	Date-Modified = {2010-01-13 22:15:21 +0100},
	Pages = {3-16},
	Publisher = {Kluwer Academic},
	Series = {Advances in Information Security},
	Title = {{The Evaluation of Voting Technology}},
	Year = {2003}}

